<?xml version="1.0" encoding="UTF-8"?><collection xmlns="http://www.loc.gov/MARC21/slim"><record><leader>00428nam--2200133-i-4500</leader><controlfield tag="001">000046275</controlfield><controlfield tag="002">20161230</controlfield><controlfield tag="005">20161230201045</controlfield><controlfield tag="008">060222s1000------------r-----000-0-eng-d</controlfield><datafield ind1=" " ind2=" " tag="080"><subfield code="a">537.8(043)</subfield></datafield><datafield ind1=" " ind2=" " tag="100"><subfield code="a">Vellex,Robert</subfield></datafield><datafield ind1=" " ind2=" " tag="245"><subfield code="a">Contrivution a l`etude de la propagation d`une onde electromagnetique dans un solids conducteur mode helicon dans l`antimoniure d`indium. these</subfield></datafield><datafield ind1=" " ind2=" " tag="260"><subfield code="a">Paris, Univ.,1964. 87 P</subfield></datafield><datafield ind1=" " ind2=" " tag="852"><subfield code="a">78055</subfield></datafield></record></collection>